@inproceedings{trackingZ,
  title={On tracking the partition function},
  author={Desjardins, Guillaume and Bengio, Yoshua and Courville, Aaron C},
  booktitle={Advances in Neural Information Processing Systems},
  pages={2501--2509},
  year={2011}
}


@article{CD,
  title={Training products of experts by minimizing contrastive divergence},
  author={Hinton, Geoffrey E},
  journal={Neural computation},
  volume={14},
  number={8},
  pages={1771--1800},
  year={2002},
  publisher={MIT Press}
}


@article{hopfield,
  title={Neural networks and physical systems with emergent collective computational abilities},
  author={Hopfield, John J},
  journal={Proceedings of the national academy of sciences},
  volume={79},
  number={8},
  pages={2554--2558},
  year={1982},
  publisher={National Acad Sciences}
}


@article{JE,
  title={A nonequilibrium equality for free energy differences},
  author={Jarzynski, Christopher},
  journal={arXiv preprint cond-mat/9610209},
  year={1996}
}

@article{AIS,
  title={Annealed importance sampling},
  author={Neal, Radford M},
  journal={Statistics and Computing},
  volume={11},
  number={2},
  pages={125--139},
  year={2001},
  publisher={Springer}
}


@article{ToP,
  title={Thermodynamics of prediction},
  author={Still, Susanne and Sivak, David A and Bell, Anthony J and Crooks, Gavin E},
  journal={Physical Review Letters},
  volume={109},
  number={12},
  pages={120604},
  year={2012},
  publisher={APS}
}


@inproceedings{CRBM,
  title={Factored conditional restricted Boltzmann machines for modeling motion style},
  author={Taylor, Graham W and Hinton, Geoffrey E},
  booktitle={Proceedings of the 26th annual international conference on machine learning},
  pages={1025--1032},
  year={2009},
  organization={ACM}
}


